1980 2902
149 273 195 309 XlV

95 366 96 369 ’
149 376 196 415 tur,
211 359 311 416 particeps
319 357 420 399 reddetur.
449 356 496 398 Hoc
507 357 565 399 seusu
576 356 655 399 Paullus
667 372 683 400 v.
696 359 727 399 14.
739 358 798 400 huius
813 359 881 415 capitis

152 437 234 494 optabat
247 450 310 479 σωσαι
323 449 377 486 τινας
389 434 408 483 ἐξ
421 431 547 483 ’laudaram
559 433 572 473 i·
582 447 598 473 e.
606 433 713 474 nonnullos
722 433 790 475 saltem
798 433 882 475 Iudaeo·

150 528 199 555 rum
208 510 234 552 ad
243 510 358 565 religionem
366 519 385 549 et
392 507 506 548 felicitatem
516 505 673 549 Christianorum
683 508 787 558 adducere,
802 521 820 549 et
830 525 846 549 c.
855 508 882 557 Χ,

157 603 175 629 1.
185 587 273 637 dicebat,
288 584 348 624 animi
356 582 386 624 sui
396 581 513 623 defideriu'rn
528 580 635 637 precesque
648 582 692 624 suas
704 599 741 640 pro
754 595 811 639 geute
823 582 884 624 lsrae-

155 663 209 704 liticd
215 659 298 702 tendere
307 664 334 710 εἰς
344 672 451 714 comptae,
467 657 479 697 i.
487 670 503 697 e.
513 670 548 709 ec,
563 654 716 712 utsuscipieudd
725 658 814 699 doctrina
822 672 883 698 euau·

136 782 137 786 ,
156 737 218 794 gelicd
232 734 300 775 felices
316 731 452 773 redderentur.
483 730 550 787 Atque
566 729 639 792 eodem
652 731 710 773 seusu
723 736 789 785 σωζειν
803 731 884 787 pouitur

157 813 216 854 etiam
231 824 241 849 1
252 808 299 849 Cor.
307 805 355 856 VII,
370 806 399 847 ιθ.
412 806 450 857 ΙΧ,
461 818 494 846 22.
515 804 583 846 ι-Τίη]Ι
593 804 628 858 IV,
643 808 674 846 16.

153 902 156 908 ·
212 884 243 925 Ita
250 884 309 939 igitur
316 879 372 935 spem
381 892 455 922 certam
464 879 498 921 hie
506 881 609 936 profitetur
619 879 728 934 Apostolus
732 912 739 931 ,
756 880 809 930 fore,
824 893 855 932 vt,
870 879 885 920 fi

155 968 233 1018 gerricu-
242 965 311 1002 omues
323 955 348 996 ad
362 954 462 996 Christum
474 954 596 1005 accederint,
614 953 714 997 uniuersus
729 945 885 1011 etiam'populus

155 1037 259 1080 Iudaicae
270 1029 425 1071 Christianorum
436 1028 524 1070 societati
537 1042 556 1070 et
569 1029 656 1070 felicitati
669 1029 791 1085 adiungatur.
814 1028 885 1086 >Quam

136 1160 138 1163 ι
157 1109 240 1168 quidem
248 1104 367 1148 senteutiam·
374 1120 385 1145 a
393 1103 464 1145 Paullo
472 1103 506 1171 hic
514 1103 620 1159 exprellam
629 1104 667 1145 elle
676 1104 711 1159 qui
719 1115 801 1160 negant,
821 1104 886 1144 facere

156 1200 198 1228 nou
209 1181 294 1239 polluat,
310 1179 358 1235 quiu
366 1179 435 1219 locum
443 1177 591 1233 interpretando
600 1189 720 1234 peruertaut.
746 1178 793 1226 Quo
804 1178 886 1229 nornine

159 1255 277 1313 obiurgandi
286 1253 331 1295 suut
340 1265 380 1294 tam
389 1252 413 1304 ii,
429 1252 464 1307 qui
476 1251 593 1308 restringunt
604 1252 683 1294 sensum
694 1268 735 1295 vec.
748 1269 798 1304 ποις,
813 1265 833 1293 et
843 1267 884 1292 reru

159 1347 239 1376 onruem
253 1329 278 1371 ad
292 1328 354 1385 prima
366 1326 445 1369 saecula
460 1340 515 1368 aerae
528 1326 647 1369 Christianae
664 1328 761 1380 referunt,
779 1343 838 1383 quarn
851 1327 886 1381 qui

158 1412 275 1464 σωθησεται
283 1403 405 1458 intelligunt,
419 1415 460 1443 uon
471 1401 495 1441 de
505 1415 535 1452 ce,
551 1401 605 1456 quod
614 1413 733 1443 euenturum
742 1402 771 1452 fit,
786 1401 820 1442 sed
830 1401 885 1457 quod

156 1480 223 1540 possit
232 1478 317 1520 euenire.
347 1475 399 1516 Natu
407 1475 533 1516 hocfirecte
544 1474 565 1516 fe
576 1474 669 1529 haberet,
687 1477 777 1519 vaticinia
788 1477 842 1520 verll.
852 1480 885 1519 26.
922 1504 924 1507 .
988 1475 990 1519 ἰ

159 1570 179 1597 ct
189 1570 221 1609 27.
229 1568 254 1594 cx
262 1552 312 1593 locis
321 1550 347 1591 V.
356 1550 380 1590 T.
395 1550 450 1591 allata
459 1549 509 1590 uihil
518 1548 573 1591 aliud
583 1549 715 1603 declararent,
731 1551 767 1593 uifi
778 1552 827 1605 hec,
843 1554 885 1594 fieri

154 1628 226 1689 poffe,
240 1641 260 1670 vt
268 1625 347 1666 Mesfias
357 1624 431 1675 veniat,
449 1623 571 1665 Iudaeorum
583 1627 727 1667 contumaciam
739 1627 849 1678 ablaturus,
868 1642 887 1670 et

158 1705 202 1747 ficri
210 1701 280 1761 peffe‚
299 1712 318 1742 vt
328 1699 383 1740 Deus
391 1698 443 1739 iueat
451 1698 522 1739 foedus
530 1707 577 1740 cum
586 1698 674 1752 Iudaeis,
692 1700 801 1757 postquam¹¹
809 1702 832 1744 hi
844 1704 886 1744 lue.

158 1781 199 1821 riut
207 1794 216 1819 a
225 1771 436 1833 peecatorum'jmiseriir
443 1773 530 1826 liberati3
549 1773 661 1829 pariterque
668 1775 727 1817 verba
737 1792 753 1819 v.
761 1778 797 1818 51:
810 1781 844 1821 ἱνα
851 1794 886 1822 και

159 1855 217 1898 αὐτοι
225 1855 331 1909 eliquaret,
345 1848 366 1890 iu
375 1847 431 1889 hune
441 1847 520 1889 sculum
533 1848 593 1889 client
604 1849 727 1904 torquenda,
743 1859 767 1892 vt
778 1860 799 1893 et
810 1852 851 1910 ipſs
864 1858 886 1897 in

157 1933 254 1985 gratiam
271 1927 337 1979 recipi
357 1920 469 1980 possint.
500 1922 595 1975 Accedit,
620 1922 675 1979 quod
695 1938 738 1965 rem
759 1927 886 1981 manifestant,

159 2002 223 2059 qualis
235 2000 262 2041 est
270 1999 329 2050 haec,
343 1995 401 2056 poffe
411 1996 494 2039 Iudaeus
505 2000 591 2050 inultm,
605 2010 639 2040 aut
647 1998 706 2039 etiam
714 2014 796 2053 omnes,
813 2002 838 2043 ad
848 2002 887 2044 dis·

157 2077 253 2134 ciplinam
261 2072 391 2114 Christianam
400 2070 509 2112 etsaluteru
522 2072 606 2123 adduci,
623 2071 732 2128 Apostolus
744 2089 786 2116 nou
798 2075 886 2119 dicturus

128 2208 129 2212 Ἰ
159 2163 200 2193 erat
211 2164 331 2206 puocqpcoa,
346 2160 382 2188 uec
392 2145 476 2187 studiose
487 2160 509 2187 cr
518 2146 662 2203 prophetarum
672 2149 756 2190 oraculis
768 2152 887 2207 comproba-

158 2235 220 2267 turus.
246 2223 315 2269 Manet
322 2223 381 2278 igitur
389 2220 441 2273 hoc,
460 2222 518 2265 verba
529 2238 569 2276 ποις
578 2233 598 2264 et
609 2227 723 2282 σωθησεται
733 2223 790 2267 seusu
801 2226 884 2283 proprio

158 2299 197 2342 elle
209 2296 310 2356 capienda.
