2036 2884
798 213 835 250 XV

125 319 126 322 ¹
148 330 149 333 =
159 304 205 355 Quo
214 312 280 343 antem
288 300 350 342 modo
359 300 414 341 illam
422 298 541 342 Iudaeorum
551 301 704 344 conuerfionem
715 316 832 347 euenturam

102 381 140 424 ell'e
151 376 251 437 putauerit
258 374 350 436 PaulluS,
366 374 399 437 id,
414 374 509 432 quoniam
522 375 565 431 ipse
578 376 629 424 nihil
642 376 727 432 amplius
740 378 761 418 ed
774 378 798 419 de
811 393 833 420 re

102 455 189 505 addidit,
210 451 292 494 anobis
306 449 582 507 deliniriplanenoupotell.
611 451 701 508 Ideoque
717 451 774 493 etiam
791 452 833 496 hoo

101 545 160 572 nemo
169 526 250 577 dixerit,
265 538 334 572 utrum
346 528 389 567 eam
400 524 471 566 eodem
484 534 575 581 tempore
588 527 685 578 futuram,
701 541 725 566 an
739 540 775 581 per
787 526 832 567 lon-

101 607 176 661 giorem
186 601 267 649 demum
277 600 373 657 temporis
383 611 469 656 tractum
480 600 549 642 locum
562 599 675 643 habituram
689 600 727 641 elle
739 599 832 655 speraue-

101 679 136 731 rit,
150 677 205 728 fine,
215 687 281 717 rtrum
292 674 438 727 firnultaneam,
454 690 514 731 quam
526 674 604 725 dicunt,
619 691 643 717 an
657 673 785 728 sucoeffiuam
798 689 833 715 eo-

100 748 457 805 rumconoerlionenrexspectauerit.
489 749 614 805 Quamquam
624 750 677 791 enim
691 763 767 792 certum
781 762 831 791 tenr-

101 842 138 883 pns
151 824 253 882 quoddam
265 841 281 866 v.
292 827 324 864 25.
336 823 437 866 constituit
449 825 522 866 verbis:
540 827 605 866 donee
619 823 719 882 valuersa
733 828 831 880 gentium

100 903 211 944 rreultr'ttrclo
223 897 314 957 ingreffcr
321 896 393 955 fuerit
404 902 427 940 in
437 894 603 955 Christianorum
613 898 747 958 societatem:
764 899 785 940 in
797 898 830 939 his

100 989 165 1017 tamen
180 973 263 1031 pariter,
278 984 336 1029 atque
350 972 417 1025 iniis,
435 987 484 1029 quae
499 972 524 1014 de
536 973 658 1025 Iudaeorum
671 973 780 1015 acoelfioue
792 986 831 1014 tra-

101 1051 186 1101 duntur,
204 1047 306 1090 indefinita
314 1047 340 1088 ell
350 1048 444 1105 temporis
455 1048 536 1089 notatio.
567 1048 720 1090 Verumtamen
732 1063 794 1104 quum
807 1062 831 1088 ex

101 1124 169 1165 multis
177 1121 303 1179 epistolarum
312 1121 446 1164 Paulliuarum
454 1121 502 1162 loeis
514 1122 645 1179 intelligatur,
664 1122 705 1164 hoo
717 1111 830 1179 persuasum

100 1197 187 1239 habuille
195 1196 321 1253 Apostolum,
336 1197 386 1249 fore,
402 1209 421 1240 vt
430 1195 519 1238 Christus
527 1196 571 1253 poll
578 1198 639 1238 breue
650 1210 728 1253 tempus
736 1212 759 1238 en
771 1198 829 1237 coelo

101 1284 208 1314 reuertatur
219 1285 340 1327 regnumque
349 1269 406 1312 suurn
419 1271 530 1327 inauguret:
546 1271 622 1313 necelle
634 1272 671 1322 est,
691 1284 711 1314 vt
723 1272 777 1312 illam
792 1271 830 1311 Iu-

101 1346 197 1386 daeorum
207 1344 358 1386 conuerfiouem
368 1345 511 1387 antereditum
524 1345 595 1388 Chrilli
610 1348 696 1388 futuram
711 1346 748 1387 elle
760 1345 829 1401 spera-

96 1420 153 1462 rverit.
180 1419 224 1460 Har
235 1433 300 1460 autem
308 1420 342 1476 spe
350 1436 396 1460 mon
408 1419 494 1461 instantis
504 1420 578 1462 reditus
588 1421 660 1462 Christi
673 1437 735 1478 quum
747 1420 828 1461 excide-

100 1494 137 1545 rit,
153 1494 212 1535 etiam
222 1509 255 1547 ea,
274 1509 324 1550 quae
335 1494 360 1534 de
371 1493 449 1536 Iudaeis
465 1494 498 1536 hio
510 1495 591 1537 tradidit
604 1496 720 1551 religionem
731 1494 829 1535 Christia-

87 1612 89 1616 f
101 1582 146 1616 nam
159 1568 287 1624 amplexeris,
307 1568 347 1609 diei
356 1568 386 1611 vix
396 1569 467 1625 poterit
476 1569 514 1611 alio
525 1569 714 1622 enutrientium,
733 1584 792 1626 quam
807 1583 829 1609 ex

100 1642 166 1684 animo
179 1642 256 1698 pietatis
268 1642 392 1698 caritatisque
402 1642 460 1685 sensu
473 1643 591 1699 pleuissimo.
619 1643 651 1685 De
668 1645 740 1700 quibus
759 1644 827 1684 eonfe-

99 1717 159 1756 renda
169 1717 252 1757 omnino
260 1716 306 1758 sunt
314 1731 363 1772 quae
371 1717 483 1759 obseruauit
491 1717 511 1759 S.
519 1717 545 1759 V.
554 1719 642 1759 Ammon
650 1720 671 1760 iu
679 1718 774 1769 Exeat-su,
789 1731 827 1758 ter·

50 1829 51 1835 ,
99 1791 138 1830 tiae
155 1790 239 1832 editioni
256 1791 394 1833 commentarii
406 1791 510 1848 Koppiani
523 1793 545 1834 in
558 1807 589 1850 ep.
601 1793 627 1834 ad
640 1793 740 1835 Romanos
752 1792 803 1833 inde
817 1807 828 1832 a

101 1878 143 1919 pag.
152 1867 197 1907 doo.
210 1863 246 1906 suh
259 1865 288 1907 lit.
299 1864 317 1908 J.
330 1865 441 1915 [abiuncto.

112 2013 113 2019 ¹
156 1994 261 2036 Caeterum
270 1997 308 2039 hae
319 1997 360 2054 ipslt
373 1997 398 2040 de
409 2012 442 2049 re,
460 2015 519 2056 quam
532 2001 619 2043 'futuram
633 1998 713 2041 Paullus
726 1999 829 2055 praedixit,

101 2067 147 2124 quid
157 2068 215 2109 nohis
224 2069 378 2126 exspectandum
387 2072 420 2126 fit,
436 2072 450 2114 fi
459 2075 568 2130 quaeritur:
583 2089 616 2127 ea,
631 2091 682 2131 quae
688 2077 767 2117 iamiam
777 2076 828 2115 facta

102 2143 128 2183 ell
139 2143 237 2199 magisque
251 2145 272 2185 iu
286 2146 327 2187 dies
340 2147 420 2198 erescit,
439 2162 505 2190 rerum
519 2149 644 2191 Iudaicarum
660 2152 744 2191 mutatio
760 2150 828 2204 vtique

100 2216 175 2286 videtur
188 2218 214 2259 ita
227 2218 263 2258 elle
276 2235 398 2278 enumerata,
416 2236 446 2276 vt,
461 2223 507 2266 Deo
520 2224 617 2281 sapienter
630 2238 649 2267 et
661 2227 745 2282 benigne
759 2225 829 2266 mode·
